@BOOK{vedas,
    author = "Sages and Brahma",
    title = "Atharvaveda",
    year = "1200BC",
    address = "India"
}

@MISC{google,
    author = "Steven Wolfram",
    title = "Wolfram Alpha",
    url = "http://mathworld.wolfram.com/LongMultiplication.html"
}

@MISC{vedic,
    author="Bharti Kisna Tirathji",
    title="vedic math academy",
    url="http://www.vedicmaths.com/"
}