
@MISC{google,
    author = "Django",
    title = "Django Unchained",
    url = "http://django.python.com/resources"
}

@MISC{AUV,
    author="AUV-IITK",
    title="Autonomous Underwater Vehicle" ,
    url = "http://auviitk.com"
}

